% Reference for citation format
% https://www.nist.gov/nist-research-library/reference-format-nist-publications

@techreport{fips199,
   author = {National Institute of Standards and Technology},
   title = {Security Requirements for Cryptographic Modules},
   institution = {U.S. Department of Commerce},
   address= {Gaithersburg, MD},
   number = {Federal Information Processing Standards Publications (FIPS PUBS) 199},
   DOI = {10.6028/nist.fips.199},
   year = {2004},
}

@techreport{fips200,
   author = {National Institute of Standards and Technology},
   title = {Security Requirements for Cryptographic Modules},
   institution = {U.S. Department of Commerce},
   address= {Gaithersburg, MD},
   number = {Federal Information Processing Standards Publications (FIPS PUBS) 199},
   DOI = {10.6028/nist.fips.199},
   year = {2004},
}

@techreport{SP80053r4,
   author = {Joint Task Force Transformation Initiative Interagency Working Group},
   title = {Security and Privacy Controls for Federal Information Systems and Organizations},
   institution = {National Institute of Standards and Technology},
   address= {Gaithersburg, MD},
   number = {NIST Special Publication (SP) 800-53, Rev. 4},
   DOI = {10.6028/NIST.SP.800-53r4},
   year = {2013},
}

@techreport{nistsp80030r1,
   author = {National Institute of Standards and Technology},
   title = {Guide for Conducting Risk Assessments},
   institution = {U.S. Department of Commerce},
   address= {Gaithersburg, MD},
   number = {NIST Special Publication (SP) 800-30, Rev. 1},
   DOI = {10.6028/nist.sp.800-30r1},
   year = {2012},
}

@techreport{nistsp80060v1r1,
   author = {National Institute of Standards and Technology},
   title = {Guide for Mapping Types of Information and Information Systems to Security Categories},
   institution = {U.S. Department of Commerce},
   address= {Gaithersburg, MD},
   number = {NIST Special Publication (SP) 800-60, Vol. I Rev. 1},
   DOI = {10.6028/nist.sp.800-60v1r1},
   year = {2008},
}

